/Users/shik544/Dropbox/references/library.bib